% Encoding: UTF-8

@Article{Goldberg1991,
  author  = {David Goldberg},
  journal = {{ACM} Computing Surveys},
  title   = {What every computer scientist should know about floating-point arithmetic},
  year    = {1991},
  number  = {1},
  pages   = {5--48},
  volume  = {23},
  doi     = {10.1145/103162.103163},
}

@Book{Golub2012,
  author    = {Golub, Gene H. and {van Loan}, C. F.},
  publisher = {Johns Hopkins University Press},
  title     = {Matrix Computations},
  year      = {2012},
  edition   = {4},
  isbn      = {978-1421407944},
}

@InProceedings{Akhtaruzzaman2010,
  author    = {Md. Akhtaruzzaman and A. A. Shafie},
  title     = {Modeling and control of a rotary inverted pendulum using various methods, comparative assessment and result analysis},
  booktitle = {2010 {IEEE} International Conference on Mechatronics and Automation},
  year      = {2010},
  publisher = {{IEEE}},
  doi       = {10.1109/icma.2010.5589450},
}

@Comment{jabref-meta: databaseType:bibtex;}
